@String { ARCHIVES    = {Int. Arch. Photogram. Rem. Sens. Spatial. Inform. Sci.} }
@String { EUSAR       = {Proceedings of EUSAR Conference} }
@String { IEEE_Letter = {IEEE Geosci. Rem. Sens. Lett.} }
@String { IGARSS      = {Proceedings of IGARSS Conference} }
@String { ISPRS       = {ISPRS J. Photogramm. Remote Sens.} }
@String { Annals 	  = {ISPRS Ann. Photogramm. Remote Sens. Spatial Inf. Sci.} }
@String { ISPRS       = {ISPRS J. Photogramm. Remote Sens.} }
@String { JSTARS      = {IEEE J. Sel. Topics Appl. Earth Observ. in Remote Sens.} }
@String { TGRS        = {IEEE Trans. Geosci. Remote Sens.} }

@inproceedings{shermeyer2020spacenet,
  title={{SpaceNet 6:} {M}ulti-Sensor All Weather Mapping Dataset},
  author={Shermeyer, Jacob and Hogan, Daniel and Brown, Jason and Van Etten, Adam and Weir, Nicholas and Pacifici, Fabio and Hansch, Ronny and Bastidas, Alexei and Soenen, Scott and Bacastow, Todd and others},
  booktitle={Proc. Conference on Computer Vision and Pattern Recognition Workshops},
  pages={196--197},
  year={2020}
}

@article{wang2017sar,
  title={{SAR} image despeckling using a convolutional neural network},
  author={Wang, Puyang and Zhang, He and Patel, Vishal M},
  journal={IEEE Signal Processing Letters},
  volume={24},
  number={12},
  pages={1763--1767},
  year={2017},
  publisher={IEEE}
}

@article{touzi2002review,
  title={A review of speckle filtering in the context of estimation theory},
  author={Touzi, Ridha},
  journal={IEEE Transactions on Geoscience and Remote Sensing},
  volume={40},
  number={11},
  pages={2392--2404},
  year={2002},
  publisher={IEEE}
}


@article{mn2015modified,
  title={A modified {BM3D} algorithm for {SAR} image despeckling},
  author = "Y. {MuraliMohanBabu} and M.V. {Subramanyam} and M.N. {GiriPrasad}",
  journal={Procedia Computer Science},
  volume={70},
  pages={69--75},
  year={2015},
  publisher={Elsevier}
}

@article{henri2008processing,
  title={Processing of synthetic aperture radar images},
  author={Henri, Ma{\^\i}tre},
  journal={Willey--2008},
  year={2008}
}


@article{deledalle2014nl,
  title={{NL-SAR:} {A} unified nonlocal framework for resolution-preserving {(Pol)(In)} {SAR} denoising},
  author={Deledalle, Charles-Alban and Denis, Lo{\"\i}c and Tupin, Florence and Reigber, Andreas and J{\"a}ger, Marc},
  journal={IEEE Transactions on Geoscience and Remote Sensing},
  volume={53},
  number={4},
  pages={2021--2038},
  year={2014},
  publisher={IEEE}
}

@article{deledalle2009iterative,
  title={Iterative weighted maximum likelihood denoising with probabilistic patch-based weights},
  author={Deledalle, Charles-Alban and Denis, Lo{\"\i}c and Tupin, Florence},
  journal={IEEE Transactions on Image Processing},
  volume={18},
  number={12},
  pages={2661--2672},
  year={2009},
  publisher={IEEE}
}

@article{xie2002sar,
  title={{SAR} speckle reduction using wavelet denoising and {M}arkov random field modelling},
  author={Xie, Hua and Pierce, Leland E and Ulaby, Fawwaz T},
  journal={IEEE Transactions on Geoscience and Remote Sensing},
  volume={40},
  number={10},
  pages={2196--2212},
  year={2002},
  publisher={IEEE}
}


@article{zhang2017beyond,
  title={Beyond a gaussian denoiser: {R}esidual learning of deep cnn for image denoising},
  author={Zhang, Kai and Zuo, Wangmeng and Chen, Yunjin and Meng, Deyu and Zhang, Lei},
  journal={IEEE Transactions on Image Processing},
  volume={26},
  number={7},
  pages={3142--3155},
  year={2017},
  publisher={IEEE}
}

@inproceedings{dabov2006image,
  title={Image denoising with block-matching and 3D filtering},
  author={Dabov, Kostadin and Foi, Alessandro and Katkovnik, Vladimir and Egiazarian, Karen},
  booktitle={Image Processing: Algorithms and Systems, Neural Networks, and Machine Learning},
  volume={6064},
  pages={606414},
  year={2006},
  organization={International Society for Optics and Photonics}
}


@article{lee1981speckle,
  title={Speckle analysis and smoothing of synthetic aperture radar images},
  author={Lee, Jong-Sen},
  journal={Computer Graphics and Image Processing},
  volume={17},
  number={1},
  pages={24--32},
  year={1981},
  publisher={Elsevier}
}


@article{parrilli2011nonlocal,
  title={A nonlocal {SAR} image denoising algorithm based on {LLMMSE} wavelet shrinkage},
  author={Parrilli, Sara and Poderico, Mariana and Angelino, Cesario Vincenzo and Verdoliva, Luisa},
  journal={Proc. IEEE Transactions on Geoscience and Remote Sensing},
  volume={50},
  number={2},
  pages={606--616},
  year={2011},
  publisher={IEEE}
}

@article{fracastoro2020deep,
  title={Deep learning methods for {SAR} image despeckling: {T}rends and perspectives},
  author={Fracastoro, Giulia and Magli, Enrico and Poggi, Giovanni and Scarpa, Giuseppe and Valsesia, Diego and Verdoliva, Luisa},
  journal={arXiv preprint arXiv:2012.05508},
  year={2020}
}

@inproceedings{chierchia2017sar,
  title={{SAR} image despeckling through convolutional neural networks},
  author={Chierchia, Giovanni and Cozzolino, Davide and Poggi, Giovanni and Verdoliva, Luisa},
  booktitle={IEEE International Geoscience and Remote Sensing Symposium},
  pages={5438--5441},
  year={2017},
  organization={IEEE}
}

@inproceedings{capellasar,
  title={OPERATIONAL READINESS OF THE CAPELLA SPACE {SAR} SYSTEM},
  author={Davide Castelletti, Gordon Farquharson, Craig Stringham, Duncan Eddy},
  booktitle={IEEE International Geoscience and Remote Sensing Symposium},
  year={2020},
  organization={IEEE}
}


@book{goodman2007speckle,
  title={Speckle phenomena in optics: {T}heory and applications},
  author={Goodman, Joseph W},
  year={2007},
  publisher={Roberts and Company Publishers}
}



@article{dalsasso2020sar,
  title={{SAR} Image Despeckling by Deep Neural Networks: {F}rom a pre-trained model to an end-to-end training strategy},
  author={Dalsasso, Emanuele and Yang, Xiangli and Denis, Lo{\"\i}c and Tupin, Florence and Yang, Wen},
  journal={Remote Sensing},
  volume={12},
  number={16},
  pages={2636},
  year={2020},
  publisher={MDPI}
}

@article{dalsasso2020sar2sar,
  title={{SAR2SAR}: {A} self-supervised despeckling algorithm for {SAR} images},
  author={Dalsasso, Emanuele and Denis, Lo{\"\i}c and Tupin, Florence},
  journal={arXiv preprint arXiv:2006.15037},
  year={2020}
}

@inproceedings{vitale2019new,
  title={A New Ratio Image Based {CNN} Algorithm for {SAR} Despeckling},
  author={Vitale, Sergio and Ferraioli, Giampaolo and Pascazio, Vito},
  booktitle={Proc. IEEE International Geoscience and Remote Sensing Symposium},
  pages={9494--9497},
  year={2019},
  organization={IEEE}
}

@article{bashir2021comprehensive,
  title={A comprehensive review of deep learning-based single image super-resolution},
  author={Bashir, Syed Muhammad Arsalan and Wang, Yi and Khan, Mahrukh and Niu, Yilong},
  journal={PeerJ Computer Science},
  volume={7},
  pages={e621},
  year={2021},
  publisher={PeerJ Inc.}
}

@article{yue2016image,
  title={Image super-resolution: The techniques, applications, and future},
  author={Yue, Linwei and Shen, Huanfeng and Li, Jie and Yuan, Qiangqiang and Zhang, Hongyan and Zhang, Liangpei},
  journal={Signal Processing},
  volume={128},
  pages={389--408},
  year={2016},
  publisher={Elsevier}
}



@Comment{jabref-meta: databaseType:bibtex;}
