@article{yue2016image,
  title={Image super-resolution: The techniques, applications, and future},
  author={Yue, Linwei and Shen, Huanfeng and Li, Jie and Yuan, Qiangqiang and Zhang, Hongyan and Zhang, Liangpei},
  journal={Signal Processing},
  volume={128},
  pages={389--408},
  year={2016},
  publisher={Elsevier}
}

@article{bashir2021comprehensive,
  title={A comprehensive review of deep learning-based single image super-resolution},
  author={Bashir, Syed Muhammad Arsalan and Wang, Yi and Khan, Mahrukh and Niu, Yilong},
  journal={PeerJ Computer Science},
  volume={7},
  pages={e621},
  year={2021},
  publisher={PeerJ Inc.}
}

@article{cramer2017uav,
  title={UAV cameras: Overview and geometric calibration benchmark},
  author={Cramer, M and Przybilla, HJ and Zurhorst, A},
  journal={The International Archives of Photogrammetry, Remote Sensing and Spatial Information Sciences},
  volume={42},
  pages={85},
  year={2017},
  publisher={Copernicus GmbH}
}

@INPROCEEDINGS{322050,  
author={Arai, K. and Terayama, Y. and Nakamura, K.},  
booktitle={Proceedings of IGARSS '93 - IEEE International Geoscience and Remote Sensing Symposium},   
title={A comparative study on interpolation methods for digital elevation model},   
year={1993},  
volume={},  
number={},  
pages={1975-1977 vol.4},  
doi={10.1109/IGARSS.1993.322050}}


@article{ijgi10080501,
AUTHOR = {Zhang, Ruichen and Bian, Shaofeng and Li, Houpu},
TITLE = {RSPCN: Super-Resolution of Digital Elevation Model Based on Recursive Sub-Pixel Convolutional Neural Networks},
JOURNAL = {ISPRS International Journal of Geo-Information},
VOLUME = {10},
YEAR = {2021},
NUMBER = {8},
ARTICLE-NUMBER = {501},
URL = {https://www.mdpi.com/2220-9964/10/8/501},
ISSN = {2220-9964},
DOI = {10.3390/ijgi10080501}
}

@article{argudo2018,
author = {Argudo, O. and Chica, A. and Andujar, C.},
title = {Terrain Super-resolution through Aerial Imagery and Fully Convolutional Networks},
journal = {Computer Graphics Forum},
volume = {37},
number = {2},
pages = {101-110},
keywords = {CCS Concepts, •Computing methodologies → Image processing, Shape modeling},
doi = {https://doi.org/10.1111/cgf.13345},
url = {https://onlinelibrary.wiley.com/doi/abs/10.1111/cgf.13345},
eprint = {https://onlinelibrary.wiley.com/doi/pdf/10.1111/cgf.13345},
year = {2018}
}

@article{chen2016,
author = {Chen, Zixuan and Wang, Xuewen and Xu, Zekai and Wenguang, Hou},
year = {2016},
month = {06},
pages = {247-250},
title = {CONVOLUTIONAL NEURAL NETWORK BASED DEM SUPER RESOLUTION},
volume = {XLI-B3},
journal = {ISPRS - International Archives of the Photogrammetry, Remote Sensing and Spatial Information Sciences},
doi = {10.5194/isprsarchives-XLI-B3-247-2016}
}

@article{XU201980,
title = {Deep gradient prior network for DEM super-resolution: Transfer learning from image to DEM},
journal = {ISPRS Journal of Photogrammetry and Remote Sensing},
volume = {150},
pages = {80-90},
year = {2019},
issn = {0924-2716},
doi = {https://doi.org/10.1016/j.isprsjprs.2019.02.008},
url = {https://www.sciencedirect.com/science/article/pii/S0924271619300413},
author = {Zekai Xu and Zixuan Chen and Weiwei Yi and Qiuling Gui and Wenguang Hou and Mingyue Ding},
}

@INPROCEEDINGS{7730737,  
author={Wan, Xue and Liu, Jianguo and Yan, Hongshi and Morgan, Gareth L.K. and Sun, Tao},  
booktitle={2016 IEEE International Geoscience and Remote Sensing Symposium (IGARSS)},   
title={3D super resolution scene depth reconstruction based on SkySat video image sequences},   
year={2016},  
volume={},  
number={},  
pages={6653-6656},  
doi={10.1109/IGARSS.2016.7730737}}

@book{lillesand,
author = {Lillesand, Thomas and Kiefer, Ralph and Chipman, Jonathan},
year = {2004},
month = {01},
pages = {},
title = {Remote Sensing and Image Interpretation (Fifth Edition)},
volume = {146},
isbn = {0471152277},
journal = {The Geographical Journal},
doi = {10.2307/634969}
}

@misc{cardinale2018isr,
  title={ISR},
  author={Francesco Cardinale et al.},
  year={2018},
  howpublished={\url{https://github.com/idealo/image-super-resolution}},
}

@misc{fastsrgan,
  author = {Hasnain ,Raza},
  title = {Fast SR-GAN},
  year = {2019},
  publisher = {GitHub},
  journal = {GitHub repository},
  howpublished = {\url{https://github.com/HasnainRaz/Fast-SRGAN}},
  commit = {7126f9fd0ae803e0457115fbb06f664aca9b2df2}
}